@Manual{R-base,
  title = {R: A Language and Environment for Statistical Computing},
  author = {{R Core Team}},
  organization = {R Foundation for Statistical Computing},
  address = {Vienna, Austria},
  year = {2020},
  url = {https://www.R-project.org/},
}
@Manual{R-bookdown,
  title = {bookdown: Authoring Books and Technical Documents with R Markdown},
  author = {Yihui Xie},
  year = {2020},
  note = {R package version 0.17},
  url = {https://CRAN.R-project.org/package=bookdown},
}
@Manual{R-knitr,
  title = {knitr: A General-Purpose Package for Dynamic Report Generation in R},
  author = {Yihui Xie},
  year = {2020},
  note = {R package version 1.28},
  url = {https://CRAN.R-project.org/package=knitr},
}
@Manual{R-rmarkdown,
  title = {rmarkdown: Dynamic Documents for R},
  author = {JJ Allaire and Yihui Xie and Jonathan McPherson and Javier Luraschi and Kevin Ushey and Aron Atkins and Hadley Wickham and Joe Cheng and Winston Chang and Richard Iannone},
  year = {2020},
  note = {R package version 2.1},
  url = {https://CRAN.R-project.org/package=rmarkdown},
}
@Manual{R-SASmarkdown,
  title = {SASmarkdown: 'SAS' Markdown},
  author = {Doug Hemken},
  year = {2017},
  note = {R package version 0.4.3},
  url = {https://CRAN.R-project.org/package=SASmarkdown},
}
@Book{bookdown2016,
  title = {bookdown: Authoring Books and Technical Documents with {R} Markdown},
  author = {Yihui Xie},
  publisher = {Chapman and Hall/CRC},
  address = {Boca Raton, Florida},
  year = {2016},
  note = {ISBN 978-1138700109},
  url = {https://github.com/rstudio/bookdown},
}
@Book{knitr2015,
  title = {Dynamic Documents with {R} and knitr},
  author = {Yihui Xie},
  publisher = {Chapman and Hall/CRC},
  address = {Boca Raton, Florida},
  year = {2015},
  edition = {2nd},
  note = {ISBN 978-1498716963},
  url = {https://yihui.org/knitr/},
}
@InCollection{knitr2014,
  booktitle = {Implementing Reproducible Computational Research},
  editor = {Victoria Stodden and Friedrich Leisch and Roger D. Peng},
  title = {knitr: A Comprehensive Tool for Reproducible Research in {R}},
  author = {Yihui Xie},
  publisher = {Chapman and Hall/CRC},
  year = {2014},
  note = {ISBN 978-1466561595},
  url = {http://www.crcpress.com/product/isbn/9781466561595},
}
@Book{rmarkdown2018,
  title = {R Markdown: The Definitive Guide},
  author = {Yihui Xie and J.J. Allaire and Garrett Grolemund},
  publisher = {Chapman and Hall/CRC},
  address = {Boca Raton, Florida},
  year = {2018},
  note = {ISBN 9781138359338},
  url = {https://bookdown.org/yihui/rmarkdown},
}
@Manual{cowplot,
    title = {cowplot: Streamlined Plot Theme and Plot Annotations for 'ggplot2'},
    author = {Claus O. Wilke},
    year = {2020},
    note = {R package version 1.1.1},
    url = {https://CRAN.R-project.org/package=cowplot},
  }
@Manual{patchwork,
    title = {patchwork: The Composer of Plots},
    author = {Thomas Lin Pedersen},
    year = {2022},
    note = {R package version 1.1.2},
    url = {https://CRAN.R-project.org/package=patchwork},
  }

@misc{moriPatchworklib2022,
	title = {patchworklib},
	copyright = {GPL-3.0},
	url = {https://github.com/ponnhide/patchworklib},
	abstract = {Patchwork for matplotlib: A subplot manager for intuitive layouts in matplotlib, seaborn, and plotnine.},
	urldate = {2022-09-19},
	author = {Mori, Hideto},
	month = sep,
	year = {2022},
	note = {original-date: 2021-11-06T20:04:59Z},
	keywords = {matplotlib, plotnine, seaborn, visualization},
}

@Manual{rayshader,
    title = {rayshader: Create Maps and Visualize Data in 2D and 3D},
    author = {Tyler Morgan-Wall},
    year = {2021},
    note = {R package version 0.24.10},
    url = {https://CRAN.R-project.org/package=rayshader},
  }

@techreport{tierneyNaniarDataStructures2021,
	type = {manual},
	title = {naniar: {Data} structures, summaries, and visualisations for missing data},
	url = {https://CRAN.R-project.org/package=naniar},
	author = {Tierney, Nicholas and Cook, Di and McBain, Miles and Fay, Colin},
	year = {2021},
	annote = {R package version 0.6.1},
}


@Manual{janitorpkg,
    title = {janitor: Simple Tools for Examining and Cleaning Dirty Data},
    author = {Sam Firke},
    year = {2021},
    note = {R package version 2.1.0},
    url = {https://CRAN.R-project.org/package=janitor},
}

@misc{chowNycflights13DataPackage2020,
	title = {nycflights13: {A} data package for nyc flights (the nycflights13 {R} package)},
	copyright = {CC0},
	shorttitle = {nycflights13},
	url = {https://github.com/machow/nycflights13},
	urldate = {2022-06-30},
	author = {Chow, Michael},
	year = {2020},
	keywords = {package},
}
@misc{pwwangDatarGrammarData2022,
	title = {datar: {A} {Grammar} of {Data} {Manipulation} in python},
	url = {https://pwwang.github.io/datar/},
	urldate = {2022-06-30},
	author = {{pwwang}},
	month = may,
	year = {2022},
}
@Manual{palmerpenguins,
    title = {palmerpenguins: Palmer Archipelago (Antarctica) penguin data},
    author = {Allison Marie Horst and Alison Presmanes Hill and Kristen B Gorman},
    year = {2020},
    note = {R package version 0.1.0},
    doi = {10.5281/zenodo.3960218},
    url = {https://allisonhorst.github.io/palmerpenguins/},
  }
@Manual{latex2exp,
    title = {latex2exp: Use LaTeX Expressions in Plots},
    author = {Stefano Meschiari},
    year = {2022},
    note = {R package version 0.9.4},
    url = {https://CRAN.R-project.org/package=latex2exp},
  }

@misc{waskomSeaborn2022,
	title = {Seaborn},
	url = {https://seaborn.pydata.org/},
	urldate = {2022-08-29},
	journal = {Seaborn data visualization library},
	author = {Waskom, Michael},
	year = {2022},
}
 @Manual{taylorswift,
    title = {tayloRswift: Color Palettes Generated by Taylor Swift Albums},
    author = {Alex Stephenson},
    year = {2022},
    note = {R package version 0.1.0},
    url = {https://asteves.github.io/tayloRswift/},
  }
@Manual{wesanderson,
    title = {wesanderson: A Wes Anderson Palette Generator},
    author = {Karthik Ram and Hadley Wickham},
    year = {2018},
    note = {R package version 0.3.6},
    url = {https://CRAN.R-project.org/package=wesanderson},
  }
@Manual{ghibli,
    title = {ghibli: Studio Ghibli Colour Palettes},
    author = {Ewen Henderson},
    year = {2022},
    note = {R package version 0.3.3},
    url = {https://CRAN.R-project.org/package=ghibli},
  }
@Manual{earthtones,
    title = {earthtones: Derive a Color Palette from a Particular Location on Earth},
    author = {Will Cornwell and Mitch Lyons and Nick Murray},
    year = {2019},
    note = {R package version 0.1.1},
    url = {https://CRAN.R-project.org/package=earthtones},
  }

@Manual{paletter,
    title = {paletter: make a palette from your image},
    author = {Andrea Cirillo},
    year = {2022},
    note = {R package version 0.0.0.9000},
    url = {https://github.com/AndreaCirilloAC/paletter}
  }
