@article{knuth84,
  author = {Knuth, Donald E.},
  title = {Literate Programming},
  year = {1984},
  issue_date = {May 1984},
  publisher = {Oxford University Press, Inc.},
  address = {USA},
  volume = {27},
  number = {2},
  issn = {0010-4620},
  url = {https://doi.org/10.1093/comjnl/27.2.97},
  doi = {10.1093/comjnl/27.2.97},
  journal = {Comput. J.},
  month = may,
  pages = {97â€“111},
  numpages = {15}
}




@book{bryanHappyGitGitHub2021,
	title = {Happy {Git} and {GitHub} for the {useR}},
	shorttitle = {Happy {Git} and {GitHub}},
	url = {https://happygitwithr.com/},
	abstract = {Using Git and GitHub with R, Rstudio, and R Markdown},
	language = {en},
	urldate = {2022-05-09},
	author = {Bryan, Jenny and Hester, Jim and {The Stat 545 TAs}},
	year = {2021},
	file = {Snapshot:/home/susan/.Zotero/storage/GA45B4D2/index.html:text/html},
}


@Book{knitr,
  title = {Dynamic Documents with {R} and knitr},
  author = {Yihui Xie},
  publisher = {Chapman and Hall/CRC},
  address = {Boca Raton, Florida},
  year = {2015},
  edition = {2nd},
  note = {ISBN 978-1498716963},
  url = {http://yihui.org/knitr/},
}
