% Bibliography entries for the poster
@Manual{R-posterdown,
    title = {posterdown: An R Package Built to Generate Reproducible Conference Posters for the Academic and Professional World Where Powerpoint and Pages Just Won't Cut It},
    author = {W. Brent Thorne},
    year = {2019},
    url = {https://github.com/brentthorne/posterdown},
    note = {R package version 1.0},
  }
@Book{R-rmarkdown,
    title = {R Markdown: The Definitive Guide},
    author = {Yihui Xie and J.J. Allaire and Garrett Grolemund},
    publisher = {Chapman and Hall/CRC},
    address = {Boca Raton, Florida},
    year = {2018},
    note = {ISBN 9781138359338},
    url = {https://bookdown.org/yihui/rmarkdown},
  }
@Manual{R-pagedown,
    title = {pagedown: Paginate the HTML Output of R Markdown with CSS for Print},
    author = {Yihui Xie and Romain Lesur and Brent Thorne},
    year = {2020},
    note = {R package version 0.8},
    url = {https://CRAN.R-project.org/package=pagedown},
  }
